@book{HottaTakeuchiTanisaki:2008:DModulesPerverseSheavesRepresentationTheory,
    AUTHOR = {Hotta, Ryoshi and Takeuchi, Kiyoshi and Tanisaki, Toshiyuki},
     TITLE = {{$D$}-modules, perverse sheaves, and representation theory},
    SERIES = {Progress in Mathematics},
    NUMBER = {236},
      NOTE = {Translated from the 1995 Japanese edition by Takeuchi},
 PUBLISHER = {Birkh\"auser Boston Inc.},
   ADDRESS = {Boston, MA},
      YEAR = {2008},
pagetotal = {xii+407},
      ISBN = {978-0-8176-4363-8},
   MRCLASS = {32C38 (14F05 14F10 17B10)},
  MRNUMBER = {2357361 (2008k:32022)},
MRREVIEWER = {Corrado Marastoni},
       DOI = {10.1007/978-0-8176-4523-6},
}
@book{Hartshorne:AG,
    AUTHOR = {Hartshorne, Robin},
     TITLE = {Algebraic geometry},
    series = {Graduate Texts in Mathematics},
    number = {52},
 PUBLISHER = {Springer-Verlag},
   ADDRESS = {New York},
      YEAR = {1977},
 PAGEtotal = {xvi+496},
      ISBN = {0-387-90244-9},
   MRCLASS = {14-01},
  MRNUMBER = {0463157 (57 \#3116)},
MRREVIEWER = {Robert Speiser},
}
@misc{Arkhipov:DModules,
	title = {Topics in Algebraic Geometry: $\mathcal D$-modules},
	note = {Lecture Notes},
	author = {Sergey Arkhipov},
	editor = {},
	editortype = {compiler},
}
@online{Bernstein:AlgebraicTheoryOfDModules,
	author = {J. Bernstein},
	title = {Algebraic Theory of $D$-modules},
	url = {http://math.uchicago.edu/~drinfeld/langlands/Bernstein/Bernstein-dmod.ps},
}
@book {Bjoerk:1979:RingsOfDifferentialOperators,
    AUTHOR = {Björk, J.-E.},
     TITLE = {Rings of differential operators},
    SERIES = {North-Holland Mathematical Library},
    number = {21},
 PUBLISHER = {North-Holland Publishing Co., Amsterdam-New York},
      YEAR = {1979},
     PAGES = {xvii+374},
      ISBN = {0-444-85292-1},
   MRCLASS = {32Bxx (16A08 32-02 35-02 46-02 58G07)},
  MRNUMBER = {549189},
MRREVIEWER = {A. Hirschowitz},
}
@book {Borel:1987:AlgebraicDModules,
    AUTHOR = {Borel, A. and Grivel, P.-P. and Kaup, B. and Haefliger, A. and
              Malgrange, B. and Ehlers, F.},
     TITLE = {Algebraic {$D$}-modules},
    SERIES = {Perspectives in Mathematics},
    number = {2},
 PUBLISHER = {Academic Press, Inc., Boston, MA},
      YEAR = {1987},
	totalPAGES = {xii+355},
      ISBN = {0-12-117740-8},
   MRCLASS = {32C38 (58G07)},
  MRNUMBER = {882000},
MRREVIEWER = {Emmanuel Andronikof},
}
@online{BravermanChmutova:LecturesOnAlgebraicDModules,
	title = {Introduction to algebraic D-modules},
	author = {Alexander Braverman and Tatyana Chmutova and Pavel Etingof and David Yan},
	url = { https://math.mit.edu/~xxu/Course/18.748/EtingofLec.pdf },
}
@misc{Ginzburg:LecturesOnDmodules,
	author="Victor Ginzburg",
	title="Lectures on $\mathcal{D}$-modules",
	url="http://www.math.harvard.edu/~gaitsgde/grad_2009/Ginzburg.pdf",
	type="Lecture notes"
}
@online{MaisonobeSabbah:Kaiserslautern,
	author = {Philippe Maisonobe and Claude Sabbah},
	title = {Aspects of the theory of $\mathcal{D}$-modules},
	subtitle = {Lecture notes (Kaiserslautern 2002)},
	year = 2011,
	month = 7,
	url = {http://www.cmls.polytechnique.fr/perso/sabbah.claude/livres/kaiserslautern.pdf},
}
@book {Mebkhout:1989:LeFormalismeDesSixOperationsPourLesDModules,
	IDS = {Mebkhout},
    AUTHOR = {Mebkhout, Zoghman},
     TITLE = {Le formalisme des six op\'{e}rations de {G}rothendieck pour les
              {$\mathcal D_X$}-modules coh\'{e}rents},
    SERIES = {Travaux en Cours [Works in Progress]},
    number = {35},
      NOTE = {With supplementary material by the author and L. Narv\'{a}ez
              Macarro},
 PUBLISHER = {Hermann, Paris},
      YEAR = {1989},
totalPAGES = {x+254},
      ISBN = {2-7056-6049-6},
   MRCLASS = {32C38 (14F99 58G07)},
  MRNUMBER = {1008245},
MRREVIEWER = {Emmanuel Andronikof},
}

@inbook {MebkhoutSabbah:1989:DModulesEtCyclesEvanescents,
    AUTHOR = {Mebkhout, Zoghman and Sabbah, Claude},
     TITLE = {{$\mathcal D_X$}-modules et cycles évanescents},
	 chapter = {III.4},
	 crossref = {Mebkhout:1989:LeFormalismeDesSixOperationsPourLesDModules},
}
@article{BernsteinGelfandGelfand:1972:DifferentialOperatorsOnACubicCone,
	doi = {10.1070/rm1972v027n01abeh001366},
	year = 1972,
	month = {2},
	publisher = {{IOP} Publishing},
	volume = {27},
	number = {1},
	pages = {169--174},
	author = {I. N. Bernstein and I. M. Gel{\textquotesingle}fand and S. I. Gel{\textquotesingle}fand},
	title = {Differential operators on a cubic cone},
	journal = {Russian Mathematical Surveys},
}
@book {Weibel:1996:IntroductionToHomologicalAlgebra,
    AUTHOR = {Weibel, Charles A.},
     TITLE = {An introduction to homological algebra},
    SERIES = {Cambridge Studies in Advanced Mathematics},
    number = {38},
 PUBLISHER = {Cambridge University Press, Cambridge},
      YEAR = {1994},
totlaPAGES = {xiv+450},
      ISBN = {0-521-43500-5; 0-521-55987-1},
   MRCLASS = {18-01 (16-01 17-01 20-01 55Uxx)},
  MRNUMBER = {1269324},
MRREVIEWER = {Kenneth A. Brown},
       DOI = {10.1017/CBO9781139644136},
}
@inproceedings {Malgrange:2004:OnIrregularHolonomicDModules,
    AUTHOR = {Malgrange, Bernard},
     TITLE = {On irregular holonomic {$\mathscr D$}-modules},
 BOOKTITLE = {\'{E}l\'{e}ments de la th\'{e}orie des syst\`emes diff\'{e}rentiels
              g\'{e}om\'{e}triques},
    SERIES = {S\'{e}min. Congr.},
    number = {8},
     PAGES = {391--410},
 PUBLISHER = {Soc. Math. France, Paris},
      YEAR = {2004},
   MRCLASS = {32S40 (32C38 35N15)},
  MRNUMBER = {2087577},
MRREVIEWER = {Christian Sevenheck},
}
